@INBOOK{brooks2001-silver,
	TITLE="The Mythical Man-Month",
	CHAPTER="No Silver Bullet - Essence and Accident in Software Engineering",
	AUTHOR="F. P. Brooks",
	PAGES="177--203",
	YEAR=2001,
	PUBLISHER="Addison Wesley Longman Inc.",
	ADDRESS="New York",
	EDITION="15., Aufl."
}
@BOOK{mueller2000,
	AUTHOR="J.-A. Müller",
	TITLE="Systems Engineering",
	PUBLISHER="Manz-Verlag Schulbuch (Fortis)",
	YEAR=2000,
	ADDRESS="Wien"
}
@TECHREPORT{pasche1992,
	AUTHOR="M. Pasche",
	TITLE="Synergetik und Evolutorische Ökonomik",
	INSTITUTION="Universität Hannover Fachbereich Wirtschaftswissenschaften",
	TYPE="Diskussionspapier",
	NUMBER=179,
	MONTH=dec,
	YEAR=1992
}
@book{aristotle:physics, 
  author       = {Aristotle}, 
  title        = {Physics}, 
  date         = 1929, 
  translator   = {Wicksteed, P. H. and Cornford, F. M.}, 
  publisher    = {G. P. Putnam}, 
  shorttitle   = {Physics}, 
} 
@book{wilde, 
  author       = {Wilde, Oscar}, 
  title        = {The Importance of Being Earnest: A Trivial 
Comedy for Serious People}, 
  year         = 1899, 
  series       = {English and American drama of the Nineteenth 
Century}, 
  publisher    = {Leonard Smithers and Company}, 
} 